<record><leader>00000cas a22000007a 4500</leader><controlfield tag="001">23184472</controlfield><controlfield tag="008">910304d1uuu19uunyudn ne      0    0eng d</controlfield><datafield ind1=" " ind2=" " tag="010"><subfield code="a">sn 91066032 </subfield></datafield><datafield ind1=" " ind2=" " tag="040"><subfield code="a">NYS</subfield><subfield code="b">eng</subfield><subfield code="c">NYS</subfield><subfield code="d">DLC</subfield><subfield code="d">NYS</subfield><subfield code="d">OCLCQ</subfield><subfield code="d">OCLCF</subfield><subfield code="d">OCLCO</subfield></datafield><datafield ind1="1" ind2=" " tag="029"><subfield code="a">AU@</subfield><subfield code="b">000025902117</subfield></datafield><datafield ind1=" " ind2=" " tag="042"><subfield code="a">msc</subfield></datafield><datafield ind1=" " ind2=" " tag="043"><subfield code="a">n-us-ny</subfield></datafield><datafield ind1="0" ind2=" " tag="130"><subfield code="a">Evening journal (Matteawan, N.Y.)</subfield></datafield><datafield ind1="1" ind2="0" tag="245"><subfield code="a">Evening journal.</subfield></datafield><datafield ind1=" " ind2=" " tag="260"><subfield code="a">Matteawan ;</subfield><subfield code="a">Fishkill-on-Hudson [N.Y.] :</subfield><subfield code="b">Peter H. Vosburgh &amp; Morgan H. Hoyt</subfield></datafield><datafield ind1=" " ind2=" " tag="300"><subfield code="a">v.</subfield></datafield><datafield ind1=" " ind2=" " tag="310"><subfield code="a">Daily (except Sunday and holidays)</subfield></datafield><datafield ind1=" " ind2=" " tag="500"><subfield code="a">Publisher: Matteawan Journal Co., &lt;Oct. 22, 1910&gt;-</subfield></datafield><datafield ind1=" " ind2=" " tag="500"><subfield code="a">Published at: Matteawan &amp; Fishkill-on-Hudson [N.Y.], &lt;May 29, 1902&gt;; and at: Matteawan and Fishkill Landing, &lt;Oct. 22, 1910&gt;-</subfield></datafield><datafield ind1=" " ind2=" " tag="500"><subfield code="a">Matteawan and Fishkill Landing united to become Beacon in 1913.</subfield></datafield><datafield ind1=" " ind2=" " tag="588"><subfield code="a">Description based on: Vol. 16, no. 4301 (May 29, 1902).</subfield></datafield><datafield ind1=" " ind2="0" tag="651"><subfield code="a">Beacon (N.Y.)</subfield><subfield code="v">Newspapers.</subfield></datafield><datafield ind1=" " ind2="0" tag="651"><subfield code="a">Dutchess County (N.Y.)</subfield><subfield code="v">Newspapers.</subfield></datafield><datafield ind1=" " ind2="4" tag="651"><subfield code="a">Matteawan (N.Y.)</subfield><subfield code="v">Newspapers.</subfield></datafield><datafield ind1=" " ind2="4" tag="651"><subfield code="a">Fishkill-on-Hudson (N.Y.)</subfield><subfield code="v">Newspapers.</subfield></datafield><datafield ind1=" " ind2="4" tag="651"><subfield code="a">Fishkill Landing (N.Y.)</subfield><subfield code="v">Newspapers.</subfield></datafield><datafield ind1=" " ind2="7" tag="655"><subfield code="a">Newspapers.</subfield><subfield code="2">fast</subfield><subfield code="0">(OCoLC)fst01423814</subfield></datafield><datafield ind1=" " ind2="7" tag="651"><subfield code="a">New York (State)</subfield><subfield code="z">Beacon.</subfield><subfield code="2">fast</subfield><subfield code="0">(OCoLC)fst01219331</subfield></datafield><datafield ind1=" " ind2="7" tag="651"><subfield code="a">New York (State)</subfield><subfield code="z">Dutchess County.</subfield><subfield code="2">fast</subfield><subfield code="0">(OCoLC)fst01207498</subfield></datafield><datafield ind1=" " ind2=" " tag="752"><subfield code="a">United States</subfield><subfield code="b">New York</subfield><subfield code="c">Dutchess</subfield><subfield code="d">Matteawan.</subfield></datafield><datafield ind1=" " ind2=" " tag="752"><subfield code="a">United States</subfield><subfield code="b">New York</subfield><subfield code="c">Dutchess</subfield><subfield code="d">Fishkill-on-Hudson.</subfield></datafield><datafield ind1=" " ind2=" " tag="752"><subfield code="a">United States</subfield><subfield code="b">New York</subfield><subfield code="c">Dutchess</subfield><subfield code="d">Fishkill Landing.</subfield></datafield><datafield ind1=" " ind2=" " tag="752"><subfield code="a">United States</subfield><subfield code="b">New York</subfield><subfield code="c">Dutchess</subfield><subfield code="d">Beacon.</subfield></datafield><datafield ind1="0" ind2="0" tag="780"><subfield code="t">Fishkill daily journal</subfield><subfield code="w">(DLC)sn 92061451</subfield><subfield code="w">(OCoLC)25152561</subfield></datafield><datafield ind1="0" ind2="0" tag="785"><subfield code="t">Beacon journal (Beacon, N.Y.)</subfield><subfield code="w">(DLC)sn 84031280</subfield><subfield code="w">(OCoLC)10788383</subfield></datafield></record>